Ticker,Name,Date,Sector,Industry,3M Future Change,TaxEffectOfUnusualItems,TaxRateForCalcs,NormalizedEBITDA,TotalUnusualItems,TotalUnusualItemsExcludingGoodwill,NetIncomeFromContinuingOperationNetMinorityInterest,ReconciledDepreciation,ReconciledCostOfRevenue,EBITDA,EBIT,NetInterestIncome,InterestExpense,InterestIncome,NormalizedIncome,NetIncomeFromContinuingAndDiscontinuedOperation,TotalExpenses,TotalOperatingIncomeAsReported,DilutedAverageShares,BasicAverageShares,DilutedEPS,BasicEPS,DilutedNIAvailtoComStockholders,NetIncomeCommonStockholders,OtherunderPreferredStockDividend,NetIncome,MinorityInterests,NetIncomeIncludingNoncontrollingInterests,NetIncomeContinuousOperations,TaxProvision,PretaxIncome,OtherNonOperatingIncomeExpenses,SpecialIncomeCharges,OtherSpecialCharges,WriteOff,ImpairmentOfCapitalAssets,RestructuringAndMergernAcquisition,NetNonOperatingInterestIncomeExpense,TotalOtherFinanceCost,InterestExpenseNonOperating,InterestIncomeNonOperating,OperatingIncome,OperatingExpense,OtherOperatingExpenses,DepreciationAndAmortizationInIncomeStatement,Amortization,DepreciationIncomeStatement,GrossProfit,CostOfRevenue,TotalRevenue,OperatingRevenue,NetIncomeDiscontinuousOperations,ResearchAndDevelopment,SellingGeneralAndAdministration,SellingAndMarketingExpense,GeneralAndAdministrativeExpense,OtherGandA,OtherIncomeExpense,EarningsFromEquityInterest,GainOnSaleOfSecurity,RentExpenseSupplemental,AverageDilutionEarnings,RentAndLandingFees,EarningsFromEquityInterestNetOfTax
BAESY,BAE Systems PLC,2024-12-31,Industrials,Aerospace & Defense,,-1746998.284734,0.124786,3986000000.0,-14000000.0,-14000000.0,1956000000.0,1085000000.0,9085000000.0,3972000000.0,2887000000.0,-424000000.0,555000000.0,135000000.0,1968253001.715266,1956000000.0,23871000000.0,2685000000.0,763250000.0,753250000.0,2.564,2.596,1956000000.0,1956000000.0,0.0,1956000000.0,-85000000.0,2041000000.0,2041000000.0,291000000.0,2332000000.0,14000000.0,-8000000.0,-76000000.0,,12000000.0,72000000.0,-424000000.0,4000000.0,555000000.0,135000000.0,2441000000.0,14786000000.0,4595000000.0,1085000000.0,422000000.0,663000000.0,17227000000.0,9085000000.0,26312000000.0,26312000000.0,,,,,,,,,,,,,
BAESY,BAE Systems PLC,2023-12-31,Industrials,Aerospace & Defense,0.21623984047064093,-48623387.790198,0.16595,3740000000.0,-293000000.0,-293000000.0,1857000000.0,782000000.0,7873000000.0,3447000000.0,2665000000.0,-181000000.0,339000000.0,172000000.0,2101376612.209802,1857000000.0,20771000000.0,2573000000.0,768000000.0,757750000.0,2.416,2.452,1857000000.0,1857000000.0,0.0,1857000000.0,-83000000.0,1940000000.0,1940000000.0,386000000.0,2326000000.0,64000000.0,-26000000.0,1000000.0,,5000000.0,20000000.0,-181000000.0,14000000.0,339000000.0,172000000.0,2307000000.0,12898000000.0,4154000000.0,782000000.0,218000000.0,564000000.0,15205000000.0,7873000000.0,23078000000.0,23078000000.0,,,,,,,,,,,,,
BAESY,BAE Systems PLC,2022-12-31,Industrials,Aerospace & Defense,0.17129299563716227,77443438.914027,0.158371,2570000000.0,489000000.0,489000000.0,1591000000.0,764000000.0,7094000000.0,3059000000.0,2295000000.0,-275000000.0,306000000.0,35000000.0,1179443438.914027,1591000000.0,19147000000.0,2384000000.0,778000000.0,778000000.0,2.02,2.044,1591000000.0,1591000000.0,0.0,1591000000.0,-83000000.0,1674000000.0,1674000000.0,315000000.0,1989000000.0,4000000.0,81000000.0,-100000000.0,,3000000.0,16000000.0,-275000000.0,4000000.0,306000000.0,35000000.0,2111000000.0,12053000000.0,3899000000.0,764000000.0,215000000.0,549000000.0,14164000000.0,7094000000.0,21258000000.0,21258000000.0,,,,,,,,,,,,,
BAESY,BAE Systems PLC,2021-12-31,Industrials,Aerospace & Defense,0.2578045475588351,21600000.0,0.18,3005000000.0,120000000.0,120000000.0,1758000000.0,701000000.0,6961000000.0,3125000000.0,2424000000.0,-287000000.0,314000000.0,30000000.0,1659600000.0,1758000000.0,17622000000.0,2389000000.0,802750000.0,796750000.0,2.188,2.208,1758000000.0,1758000000.0,0.0,1758000000.0,-154000000.0,1912000000.0,1912000000.0,198000000.0,2110000000.0,10000000.0,147000000.0,-156000000.0,,19000000.0,-10000000.0,-287000000.0,3000000.0,314000000.0,30000000.0,1899000000.0,10661000000.0,3390000000.0,701000000.0,188000000.0,513000000.0,12560000000.0,6961000000.0,19521000000.0,19521000000.0,,,,,,,,,,,,,
CARL-B.CO,Carlsberg B A/S,2024-12-31,Consumer Defensive,Beverages - Brewers,,-99000000.0,0.198,16297000000.0,-500000000.0,-500000000.0,6858000000.0,4370000000.0,40631000000.0,15797000000.0,11427000000.0,-1069000000.0,1440000000.0,706000000.0,7259000000.0,9116000000.0,64260000000.0,11411000000.0,132922000.0,132626000.0,68.6,68.7,9116000000.0,9116000000.0,0.0,9116000000.0,-1147000000.0,10263000000.0,8005000000.0,1982000000.0,9987000000.0,139500000.0,-420000000.0,-133000000.0,35000000.0,284000000.0,234000000.0,-1069000000.0,335000000.0,1440000000.0,706000000.0,10751000000.0,23629000000.0,-530666666.6666667,,,,34380000000.0,40631000000.0,75011000000.0,75011000000.0,2258000000.0,142000000.0,23623000000.0,19242000000.0,4381000000.0,,,,,,,,
CARL-B.CO,Carlsberg B A/S,2023-12-31,Consumer Defensive,Beverages - Brewers,0.15406585964641306,-61236000.0,0.189,15343000000.0,-324000000.0,-324000000.0,6960000000.0,4074000000.0,40753000000.0,15019000000.0,10945000000.0,-693000000.0,1115000000.0,690000000.0,7222764000.0,-40788000000.0,63108000000.0,11105000000.0,136455000.0,136089000.0,-299.7,-299.7,-40788000000.0,-40788000000.0,0.0,-40788000000.0,-1011000000.0,-39777000000.0,7971000000.0,1859000000.0,9830000000.0,306000000.0,-384000000.0,-268000000.0,-296000000.0,710000000.0,238000000.0,-693000000.0,268000000.0,1115000000.0,690000000.0,10477000000.0,22355000000.0,-100000000.0,,,,32832000000.0,40753000000.0,73585000000.0,73585000000.0,-47748000000.0,132000000.0,22432000000.0,18355000000.0,4077000000.0,,,,,,,,
CARL-B.CO,Carlsberg B A/S,2022-12-31,Consumer Defensive,Beverages - Brewers,0.18325023983831557,-126195000.0,0.179,14851000000.0,-5000000.0,-705000000.0,7012000000.0,4187000000.0,38198000000.0,14846000000.0,10659000000.0,-506000000.0,698000000.0,340000000.0,8290805000.0,-1063000000.0,59775000000.0,11470000000.0,140203000.0,139835000.0,-7.6,-7.6,-1063000000.0,-1063000000.0,0.0,-1063000000.0,-1171000000.0,108000000.0,8183000000.0,1778000000.0,9961000000.0,-27000000.0,-705000000.0,-306000000.0,69000000.0,74000000.0,168000000.0,-506000000.0,148000000.0,698000000.0,340000000.0,10490000000.0,21577000000.0,-254000000.0,,,,32067000000.0,38198000000.0,70265000000.0,70265000000.0,-8075000000.0,107000000.0,21566000000.0,17337000000.0,4229000000.0,,,,,,,,
CARL-B.CO,Carlsberg B A/S,2021-12-31,Consumer Defensive,Beverages - Brewers,-0.24284300272224912,235458000.0,0.206,14188000000.0,1143000000.0,1143000000.0,7130000000.0,4238000000.0,31528000000.0,15331000000.0,11093000000.0,-696000000.0,646000000.0,189000000.0,6222458000.0,6846000000.0,50381000000.0,10129000000.0,144299000.0,143848000.0,47.4,47.6,6846000000.0,6846000000.0,0.0,6846000000.0,-1163000000.0,8009000000.0,8293000000.0,2154000000.0,10447000000.0,139500000.0,1143000000.0,-1388000000.0,-202000000.0,0.0,447000000.0,-696000000.0,239000000.0,646000000.0,189000000.0,9716000000.0,18853000000.0,-1238000000.0,,,,28569000000.0,31528000000.0,60097000000.0,60097000000.0,-284000000.0,95000000.0,18851000000.0,14872000000.0,3979000000.0,,,,,,,,
ISS.CO,ISS A/S,2024-12-31,Industrials,Specialty Business Services,,2200000.0,0.2,5612000000.0,11000000.0,11000000.0,2633000000.0,1469000000.0,7519000000.0,5623000000.0,4063000000.0,-665000000.0,764000000.0,216000000.0,2624200000.0,2581000000.0,79709000000.0,3889000000.0,183358000.0,180954000.0,14.1,14.3,2581000000.0,2581000000.0,0.0,2581000000.0,-8000000.0,2589000000.0,2641000000.0,658000000.0,3299000000.0,-76000000.0,-1000000.0,-31000000.0,,,32000000.0,-665000000.0,117000000.0,764000000.0,216000000.0,4052000000.0,72190000000.0,17808000000.0,1560000000.0,91000000.0,1469000000.0,76242000000.0,7519000000.0,83761000000.0,83761000000.0,-52000000.0,,,,,,,,,,,,
ISS.CO,ISS A/S,2023-12-31,Industrials,Specialty Business Services,-0.0187353902694255,11607000.0,0.219,4536000000.0,53000000.0,53000000.0,1931000000.0,1464000000.0,7323000000.0,4589000000.0,3103000000.0,-594000000.0,572000000.0,98000000.0,1889607000.0,279000000.0,75450000000.0,3138000000.0,187954000.0,185334000.0,1.5,1.5,279000000.0,279000000.0,0.0,279000000.0,-46000000.0,325000000.0,1977000000.0,554000000.0,2531000000.0,-59000000.0,53000000.0,-69000000.0,,,16000000.0,-594000000.0,120000000.0,572000000.0,98000000.0,3231000000.0,68127000000.0,17034000000.0,1486000000.0,69000000.0,1417000000.0,71358000000.0,7323000000.0,78681000000.0,78681000000.0,-1652000000.0,,,,,,,,,,,,
ISS.CO,ISS A/S,2022-12-31,Industrials,Specialty Business Services,-0.05227425037379607,33327000.0,0.161,4246000000.0,207000000.0,207000000.0,2037000000.0,1517000000.0,6485000000.0,4453000000.0,2936000000.0,-473000000.0,416000000.0,67000000.0,1863327000.0,2058000000.0,70989000000.0,2904000000.0,187243000.0,184730000.0,11.0,11.1,2058000000.0,2058000000.0,0.0,2058000000.0,-78000000.0,2136000000.0,2115000000.0,405000000.0,2520000000.0,-14000000.0,207000000.0,-218000000.0,,,11000000.0,-473000000.0,124000000.0,416000000.0,67000000.0,2849000000.0,64504000000.0,16744000000.0,1484000000.0,69000000.0,1415000000.0,67353000000.0,6485000000.0,73838000000.0,73838000000.0,21000000.0,,,,,,,,,,,,
ISS.CO,ISS A/S,2021-12-31,Industrials,Specialty Business Services,-0.033200016237751595,-1980000.0,0.22,2813000000.0,441000000.0,-9000000.0,514000000.0,1760000000.0,5020000000.0,3254000000.0,1430000000.0,-605000000.0,385000000.0,41000000.0,971020000.0,615000000.0,69651000000.0,1701000000.0,186003000.0,184698000.0,3.3,3.3,615000000.0,615000000.0,0.0,615000000.0,-22000000.0,637000000.0,536000000.0,509000000.0,1045000000.0,-2000000.0,-9000000.0,-518000000.0,,,77000000.0,-605000000.0,261000000.0,385000000.0,41000000.0,1712000000.0,64631000000.0,16438000000.0,1824000000.0,64000000.0,1760000000.0,66343000000.0,5020000000.0,71363000000.0,71363000000.0,101000000.0,,,,,,,,,,,,
NFLX,"Netflix, Inc.",2025-06-30,Communication Services,Entertainment,,0.0,0.14,7726411000.0,,,3125413000.0,3912087000.0,5325311000.0,7726411000.0,3814324000.0,-143019000.0,182649000.0,39630000.0,3125413000.0,3125413000.0,7304472000.0,3774694000.0,434883000.0,425211000.0,7.19,7.35,3125413000.0,3125413000.0,,3125413000.0,,3125413000.0,3125413000.0,506262000.0,3631675000.0,,,,,,,-143019000.0,,182649000.0,39630000.0,3774694000.0,1979161000.0,,,,,5753855000.0,5325311000.0,11079166000.0,11079166000.0,,824683000.0,1154478000.0,713265000.0,441213000.0,441213000.0,,,,,,,
NFLX,"Netflix, Inc.",2025-03-31,Communication Services,Entertainment,0.4360181043097484,0.0,0.1,7301077000.0,,,2890351000.0,3903179000.0,5263147000.0,7301077000.0,3397898000.0,-133273000.0,184172000.0,50899000.0,2890351000.0,2890351000.0,7195802000.0,3346999000.0,436962000.0,427270000.0,6.61,6.76,2890351000.0,2890351000.0,,2890351000.0,,2890351000.0,2890351000.0,323375000.0,3213726000.0,,,,,,,-133273000.0,,184172000.0,50899000.0,3346999000.0,1932655000.0,,,,,5279654000.0,5263147000.0,10542801000.0,10542801000.0,,822823000.0,1109832000.0,688370000.0,421462000.0,421462000.0,,,,,,,
NFLX,"Netflix, Inc.",2024-12-31,Communication Services,Entertainment,0.04157877895039008,0.0,0.13,26314821000.0,,,8711631000.0,15630431000.0,21038464000.0,26314821000.0,10684390000.0,-451957000.0,718733000.0,266776000.0,8711631000.0,8711631000.0,28583352000.0,10417614000.0,439261000.0,429519000.0,19.83,20.28,8711631000.0,8711631000.0,,8711631000.0,,8711631000.0,8711631000.0,1254026000.0,9965657000.0,,,,,,,-451957000.0,,718733000.0,266776000.0,10417614000.0,7544888000.0,,,,,17962502000.0,21038464000.0,39000966000.0,39000966000.0,,2925295000.0,4619593000.0,2917554000.0,1702039000.0,1702039000.0,,,,,,,
NFLX,"Netflix, Inc.",2024-09-30,Communication Services,Entertainment,0.2695164998950148,0.0,0.13,6689912000.0,,,2363509000.0,3780435000.0,5119884000.0,6689912000.0,2909477000.0,-206523000.0,206523000.0,197472333.33333334,2363509000.0,2363509000.0,6915226000.0,2909477000.0,437898000.0,428239000.0,5.4,5.52,2363509000.0,2363509000.0,,2363509000.0,,2363509000.0,2363509000.0,339445000.0,2702954000.0,,,,,,,-206523000.0,,206523000.0,197472333.33333334,2909477000.0,1795342000.0,,,,,4704819000.0,5119884000.0,9824703000.0,9824703000.0,,735063000.0,1060279000.0,642926000.0,417353000.0,417353000.0,,,,,,,
NFLX,"Netflix, Inc.",2024-06-30,Communication Services,Entertainment,0.04811221323524495,0.0,0.15,6532759000.0,,,2147306000.0,3850917000.0,5174143000.0,6532759000.0,2681842000.0,-88981000.0,167986000.0,79005000.0,2147306000.0,2147306000.0,6956473000.0,2602837000.0,439739000.0,430065000.0,4.88,4.99,2147306000.0,2147306000.0,,2147306000.0,,2147306000.0,2147306000.0,366550000.0,2513856000.0,,,,,,,-88981000.0,,167986000.0,79005000.0,2602837000.0,1782330000.0,,,,,4385167000.0,5174143000.0,9559310000.0,9559310000.0,,711254000.0,1071076000.0,644084000.0,426992000.0,426992000.0,,,,,,,
NFLX,"Netflix, Inc.",2023-12-31,Communication Services,Entertainment,0.23816029234558855,0.0,0.13,21508387000.0,,,5407990000.0,14554384000.0,19715368000.0,21508387000.0,6954003000.0,-748598000.0,748598000.0,197472333.33333334,5407990000.0,5407990000.0,26769294000.0,6954003000.0,449498000.0,441571000.0,12.03,12.25,5407990000.0,5407990000.0,,5407990000.0,,5407990000.0,5407990000.0,797415000.0,6205405000.0,,,,,,,-748598000.0,,748598000.0,197472333.33333334,6954003000.0,7053926000.0,,,,,14007929000.0,19715368000.0,33723297000.0,33723297000.0,,2675758000.0,4378168000.0,2657883000.0,1720285000.0,1720285000.0,,,,,,,
NFLX,"Netflix, Inc.",2022-12-31,Communication Services,Entertainment,0.17159524303326168,0.0,0.15,20332955000.0,,,4491924000.0,14362814000.0,19168285000.0,20332955000.0,5970141000.0,-368902000.0,706212000.0,337310000.0,4491924000.0,4491924000.0,25982719000.0,5632831000.0,451290000.0,444698000.0,9.95,10.1,4491924000.0,4491924000.0,,4491924000.0,,4491924000.0,4491924000.0,772005000.0,5263929000.0,,,,,,,-368902000.0,,706212000.0,337310000.0,5632831000.0,6814434000.0,,,,,12447265000.0,19168285000.0,31615550000.0,31615550000.0,,2711041000.0,4103393000.0,2530502000.0,1572891000.0,1572891000.0,,,,,,,
NFLX,"Netflix, Inc.",2021-12-31,Communication Services,Entertainment,-0.380071044905377,0.0,0.12,19044502000.0,,,5116228000.0,12438779000.0,17332683000.0,19044502000.0,6605723000.0,-354406000.0,765620000.0,411214000.0,5116228000.0,5116228000.0,23503335000.0,6194509000.0,455372000.0,443155000.0,11.24,11.55,5116228000.0,5116228000.0,,5116228000.0,,5116228000.0,5116228000.0,723875000.0,5840103000.0,,,,,,,-354406000.0,,765620000.0,411214000.0,6194509000.0,6170652000.0,,,,,12365161000.0,17332683000.0,29697844000.0,29697844000.0,,2273885000.0,3896767000.0,2545146000.0,1351621000.0,1351621000.0,,,,,,,
EQNR,Equinor ASA,2025-06-30,Energy,Oil & Gas Integrated,,18920000.0,0.22,9451000000.0,86000000.0,86000000.0,1313000000.0,3427000000.0,16161000000.0,9537000000.0,6110000000.0,-48000000.0,351000000.0,303000000.0,1245920000.0,1313000000.0,19419000000.0,5721000000.0,2629000000.0,2622000000.0,0.5,0.5,1313000000.0,1313000000.0,,1313000000.0,-5000000.0,1317000000.0,1317000000.0,4441000000.0,5759000000.0,,,,,,,-48000000.0,,351000000.0,303000000.0,5711000000.0,3258000000.0,2929000000.0,,,,8969000000.0,16161000000.0,25130000000.0,24769000000.0,,,329000000.0,,,,95000000.0,9000000.0,86000000.0,,,,
EQNR,Equinor ASA,2025-03-31,Energy,Oil & Gas Integrated,-0.034369107254803355,1980000.0,0.22,11519000000.0,9000000.0,9000000.0,2627000000.0,2310000000.0,17753000000.0,11528000000.0,9218000000.0,11000000.0,325000000.0,336000000.0,2619980000.0,2627000000.0,20523000000.0,8874000000.0,2724000000.0,2719000000.0,0.96,0.97,2627000000.0,2627000000.0,,2627000000.0,-3000000.0,2630000000.0,2630000000.0,6263000000.0,8893000000.0,,,,,,,11000000.0,,325000000.0,336000000.0,8861000000.0,2770000000.0,2447000000.0,,,,11631000000.0,17753000000.0,29384000000.0,29358000000.0,,,323000000.0,,,,22000000.0,13000000.0,9000000.0,,,,
EQNR,Equinor ASA,2024-12-31,Energy,Oil & Gas Integrated,0.15359172433126722,-35420000.0,0.22,42110000000.0,-161000000.0,-161000000.0,8806000000.0,9906000000.0,59875000000.0,41949000000.0,32043000000.0,744000000.0,1057000000.0,1801000000.0,8931580000.0,8806000000.0,72148000000.0,30927000000.0,2827000000.0,2821000000.0,3.11,3.12,8806000000.0,8806000000.0,,8806000000.0,-23000000.0,8829000000.0,8829000000.0,22157000000.0,30986000000.0,,,,,,,744000000.0,,1057000000.0,1801000000.0,30354000000.0,12273000000.0,11018000000.0,,,,42627000000.0,59875000000.0,102502000000.0,101298000000.0,,,1255000000.0,,,,-112000000.0,49000000.0,-161000000.0,,,,
EQNR,Equinor ASA,2024-09-30,Energy,Oil & Gas Integrated,-0.05195238193491092,60500000.0,0.22,9693000000.0,275000000.0,275000000.0,2282000000.0,2327000000.0,15422000000.0,9968000000.0,7641000000.0,90000000.0,370000000.0,460000000.0,2067500000.0,2282000000.0,18509000000.0,6905000000.0,2767000000.0,2760000000.0,0.82,0.83,2282000000.0,2282000000.0,,2282000000.0,-3000000.0,2285000000.0,2285000000.0,4986000000.0,7271000000.0,,,,,,,90000000.0,,370000000.0,460000000.0,6907000000.0,3087000000.0,2783000000.0,,,,9994000000.0,15422000000.0,25416000000.0,25178000000.0,,,304000000.0,,,,274000000.0,-1000000.0,275000000.0,,,,
EQNR,Equinor ASA,2024-06-30,Energy,Oil & Gas Integrated,-0.10242350262110111,-49720000.0,0.22,10496000000.0,-226000000.0,-226000000.0,1861000000.0,2346000000.0,14493000000.0,10270000000.0,7924000000.0,101000000.0,394000000.0,495000000.0,2037280000.0,1861000000.0,17816000000.0,7656000000.0,2856000000.0,2850000000.0,0.65,0.65,1861000000.0,1861000000.0,,1861000000.0,-12000000.0,1872000000.0,1872000000.0,5658000000.0,7530000000.0,,,,,,,101000000.0,,394000000.0,495000000.0,7646000000.0,3323000000.0,2975000000.0,,,,10969000000.0,14493000000.0,25462000000.0,25255000000.0,,,348000000.0,,,,-214000000.0,12000000.0,-226000000.0,,,,
EQNR,Equinor ASA,2023-12-31,Energy,Oil & Gas Integrated,-0.11234165550219022,339680000.0,0.22,48043000000.0,1544000000.0,1544000000.0,11885000000.0,10581000000.0,58809000000.0,49587000000.0,39006000000.0,1109000000.0,1122000000.0,2231000000.0,10680680000.0,11885000000.0,71615000000.0,35770000000.0,3027000000.0,3021000000.0,3.93,3.93,11885000000.0,11885000000.0,,11885000000.0,-19000000.0,11904000000.0,11904000000.0,25980000000.0,37884000000.0,,,,,,,1109000000.0,,1122000000.0,2231000000.0,35233000000.0,12806000000.0,11588000000.0,,,,48039000000.0,58809000000.0,106848000000.0,106132000000.0,,,1218000000.0,,,,1543000000.0,-1000000.0,1544000000.0,,,,
EQNR,Equinor ASA,2022-12-31,Energy,Oil & Gas Integrated,-0.18300878104215323,9240000.0,0.22,86224000000.0,42000000.0,42000000.0,28746000000.0,6733000000.0,60197000000.0,86266000000.0,79533000000.0,200000000.0,929000000.0,1129000000.0,28713240000.0,28746000000.0,71263000000.0,78811000000.0,3182000000.0,3173000000.0,9.03,9.06,28746000000.0,28746000000.0,,28746000000.0,3000000.0,28744000000.0,28744000000.0,49861000000.0,78604000000.0,,,,,,,200000000.0,,929000000.0,1129000000.0,77741000000.0,11066000000.0,10080000000.0,,,,88807000000.0,60197000000.0,149004000000.0,150262000000.0,,,986000000.0,,,,662000000.0,620000000.0,42000000.0,,,,
EQNR,Equinor ASA,2021-12-31,Energy,Oil & Gas Integrated,0.43884330554239304,-213400000.0,0.22,45041000000.0,-970000000.0,-970000000.0,8563000000.0,11719000000.0,46879000000.0,44071000000.0,32352000000.0,-657000000.0,769000000.0,112000000.0,9319600000.0,8563000000.0,55793000000.0,33663000000.0,3255893536.0,3243560606.0,2.63,2.64,8563000000.0,8563000000.0,,8563000000.0,-14000000.0,8576000000.0,8576000000.0,23007000000.0,31583000000.0,,,,,,,-657000000.0,,769000000.0,112000000.0,32951000000.0,8914000000.0,8134000000.0,,,,41865000000.0,46879000000.0,88744000000.0,88247000000.0,,,780000000.0,,,,-711000000.0,259000000.0,-970000000.0,,,,
TSLA,"Tesla, Inc.",2025-06-30,Consumer Cyclical,Auto Manufacturers,,0.0,0.231762,3068000000.0,0.0,0.0,1172000000.0,1433000000.0,18618000000.0,3068000000.0,1635000000.0,306000000.0,86000000.0,392000000.0,1172000000.0,1172000000.0,21573000000.0,923000000.0,3519000000.0,3223000000.0,0.33,0.36,1172000000.0,1172000000.0,-1666666.6666666667,1172000000.0,-18000000.0,1190000000.0,1190000000.0,359000000.0,1549000000.0,320000000.0,0.0,,,,0.0,306000000.0,,86000000.0,392000000.0,923000000.0,2955000000.0,,,,,3878000000.0,18618000000.0,22496000000.0,22496000000.0,,1589000000.0,1366000000.0,,,,320000000.0,,,228000000.0,2500000.0,,
TSLA,"Tesla, Inc.",2025-03-31,Consumer Cyclical,Auto Manufacturers,0.22572927602004444,-27260000.0,0.29,2221000000.0,-94000000.0,-94000000.0,409000000.0,1447000000.0,16182000000.0,2127000000.0,680000000.0,309000000.0,91000000.0,400000000.0,475740000.0,409000000.0,18842000000.0,399000000.0,3521000000.0,3218000000.0,0.12,0.13,409000000.0,409000000.0,0.0,409000000.0,-11000000.0,420000000.0,420000000.0,169000000.0,589000000.0,-119000000.0,-94000000.0,,,,94000000.0,309000000.0,,91000000.0,400000000.0,493000000.0,2660000000.0,,,,,3153000000.0,16182000000.0,19335000000.0,19335000000.0,,1409000000.0,1251000000.0,,,,-213000000.0,,,239000000.0,2500000.0,,
TSLA,"Tesla, Inc.",2024-12-31,Consumer Cyclical,Auto Manufacturers,-0.33523179009129356,-136800000.0,0.2,15392000000.0,-684000000.0,-684000000.0,7130000000.0,5368000000.0,80240000000.0,14708000000.0,9340000000.0,1219000000.0,350000000.0,1569000000.0,7677200000.0,7130000000.0,89930000000.0,7076000000.0,3498000000.0,3197000000.0,2.04,2.23,7130000000.0,7130000000.0,-1666666.6666666667,7130000000.0,-23000000.0,7153000000.0,7153000000.0,1837000000.0,8990000000.0,695000000.0,-684000000.0,,,,684000000.0,1219000000.0,,350000000.0,1569000000.0,7760000000.0,9690000000.0,,,,,17450000000.0,80240000000.0,97690000000.0,97690000000.0,,4540000000.0,5150000000.0,,,,11000000.0,,,1003000000.0,0.0,,
TSLA,"Tesla, Inc.",2024-09-30,Consumer Cyclical,Auto Manufacturers,0.5954209986315322,-12100000.0,0.22,4279000000.0,-55000000.0,-55000000.0,2167000000.0,1348000000.0,20185000000.0,4224000000.0,2876000000.0,337000000.0,92000000.0,429000000.0,2209900000.0,2167000000.0,22410000000.0,2717000000.0,3497000000.0,3198000000.0,0.62,0.68,2167000000.0,2167000000.0,0.0,2167000000.0,-16000000.0,2183000000.0,2183000000.0,601000000.0,2784000000.0,-270000000.0,-55000000.0,,,,55000000.0,337000000.0,,92000000.0,429000000.0,2772000000.0,2225000000.0,,,,,4997000000.0,20185000000.0,25182000000.0,25182000000.0,,1039000000.0,1186000000.0,,,,-325000000.0,,,247000000.0,2500000.0,,
TSLA,"Tesla, Inc.",2024-06-30,Consumer Cyclical,Auto Manufacturers,0.3162521984438318,-129133743.704533,0.207611,3773000000.0,-622000000.0,-622000000.0,1400000000.0,1278000000.0,20922000000.0,3151000000.0,1873000000.0,262000000.0,86000000.0,348000000.0,1892866256.295467,1400000000.0,23273000000.0,1605000000.0,3481000000.0,3191000000.0,0.4,0.44,1400000000.0,1400000000.0,-1666666.6666666667,1400000000.0,-16000000.0,1416000000.0,1416000000.0,371000000.0,1787000000.0,-80000000.0,-622000000.0,,,,622000000.0,262000000.0,,86000000.0,348000000.0,2227000000.0,2351000000.0,,,,,4578000000.0,20922000000.0,25500000000.0,25500000000.0,,1074000000.0,1277000000.0,,,,-702000000.0,,,245000000.0,2500000.0,,
TSLA,"Tesla, Inc.",2023-12-31,Consumer Cyclical,Auto Manufacturers,-0.3056718604489138,0.0,0.21,14796000000.0,0.0,0.0,14999000000.0,4667000000.0,79113000000.0,14796000000.0,10129000000.0,910000000.0,156000000.0,1066000000.0,14999000000.0,14999000000.0,87882000000.0,8891000000.0,3482750000.0,3173500000.0,4.31,4.725697,14999000000.0,14999000000.0,-1666666.6666666667,14999000000.0,25000000.0,14974000000.0,14974000000.0,-5001000000.0,9973000000.0,172000000.0,0.0,,,,0.0,910000000.0,,156000000.0,1066000000.0,8891000000.0,8769000000.0,,,,,17660000000.0,79113000000.0,96773000000.0,96773000000.0,,3969000000.0,4800000000.0,,,,172000000.0,,,1268000000.0,0.0,,
TSLA,"Tesla, Inc.",2022-12-31,Consumer Cyclical,Auto Manufacturers,0.684202031172995,-14080000.0,0.08,17833000000.0,-176000000.0,-176000000.0,12583000000.0,3747000000.0,60609000000.0,17657000000.0,13910000000.0,106000000.0,191000000.0,297000000.0,12744920000.0,12583000000.0,67630000000.0,13656000000.0,3475000000.0,3130000000.0,3.62,4.02,12584000000.0,12583000000.0,-1666666.6666666667,12583000000.0,-4000000.0,12587000000.0,12587000000.0,1132000000.0,13719000000.0,-43000000.0,-176000000.0,,,,176000000.0,106000000.0,,191000000.0,297000000.0,13832000000.0,7021000000.0,,,,,20853000000.0,60609000000.0,81462000000.0,81462000000.0,,3075000000.0,3946000000.0,,,,-219000000.0,,,1509000000.0,1000000.0,,
TSLA,"Tesla, Inc.",2021-12-31,Consumer Cyclical,Auto Manufacturers,0.026315757556015562,2970000.0,0.11,9598000000.0,27000000.0,27000000.0,5524000000.0,2911000000.0,40217000000.0,9625000000.0,6714000000.0,-315000000.0,371000000.0,56000000.0,5499970000.0,5524000000.0,47327000000.0,6523000000.0,3386000000.0,2959000000.0,1.63,1.87,5533000000.0,5524000000.0,-5000000.0,5524000000.0,-120000000.0,5644000000.0,5644000000.0,699000000.0,6343000000.0,135000000.0,27000000.0,,,,-27000000.0,-315000000.0,,371000000.0,56000000.0,6496000000.0,7110000000.0,,,,,13606000000.0,40217000000.0,53823000000.0,53823000000.0,,2593000000.0,4517000000.0,,,,162000000.0,,,978000000.0,9000000.0,,
DEMANT.CO,Demant A/S,2024-12-31,Healthcare,Medical Devices,,27528000.0,0.222,5679000000.0,124000000.0,124000000.0,2891000000.0,1435000000.0,5329000000.0,5803000000.0,4368000000.0,-767000000.0,652000000.0,101000000.0,2794528000.0,2387000000.0,18114000000.0,4404000000.0,227986666.66666666,227986666.66666666,9.316666666666666,9.316666666666666,2387000000.0,2387000000.0,0.0,2387000000.0,-1000000.0,2388000000.0,2892000000.0,824000000.0,3716000000.0,,124000000.0,,,,-124000000.0,-767000000.0,216000000.0,652000000.0,101000000.0,4305000000.0,12785000000.0,,,,,17090000000.0,5329000000.0,22419000000.0,22419000000.0,-504000000.0,1394000000.0,11391000000.0,10246000000.0,1145000000.0,,,,,,,,
DEMANT.CO,Demant A/S,2023-12-31,Healthcare,Medical Devices,0.17788456600798863,0.0,0.246,5569000000.0,0.0,0.0,2820000000.0,1293000000.0,5281000000.0,5569000000.0,4276000000.0,-612000000.0,531000000.0,84000000.0,2820000000.0,1795000000.0,17163000000.0,4506000000.0,223130000.0,223130000.0,8.04,8.04,1795000000.0,1795000000.0,0.0,1795000000.0,-3000000.0,1798000000.0,2823000000.0,922000000.0,3745000000.0,,0.0,,,,0.0,-612000000.0,165000000.0,531000000.0,84000000.0,4438000000.0,11882000000.0,,,,,16320000000.0,5281000000.0,21601000000.0,21601000000.0,-1025000000.0,1226000000.0,10656000000.0,9554000000.0,1102000000.0,,,,,,,,
DEMANT.CO,Demant A/S,2022-12-31,Healthcare,Medical Devices,0.24746815445999215,0.0,0.222,4294000000.0,62000000.0,62000000.0,2274000000.0,1176000000.0,5036000000.0,4294000000.0,3118000000.0,-267000000.0,191000000.0,56000000.0,2274000000.0,2082000000.0,16620000000.0,3207000000.0,226010000.0,226010000.0,9.21,9.21,2082000000.0,2082000000.0,0.0,2082000000.0,-2000000.0,2084000000.0,2276000000.0,651000000.0,2927000000.0,,62000000.0,,,,-62000000.0,-267000000.0,132000000.0,191000000.0,56000000.0,3085000000.0,11584000000.0,,,,,14669000000.0,5036000000.0,19705000000.0,19705000000.0,-192000000.0,1314000000.0,10270000000.0,9232000000.0,1038000000.0,,,,,,,,
DEMANT.CO,Demant A/S,2021-12-31,Healthcare,Medical Devices,-0.08683976596087062,0.0,0.217,4635000000.0,62000000.0,62000000.0,2696000000.0,1065000000.0,4447000000.0,4635000000.0,3570000000.0,-204000000.0,109000000.0,38000000.0,2696000000.0,2513000000.0,14362000000.0,3663000000.0,234820000.0,234820000.0,10.7,10.7,2513000000.0,2513000000.0,0.0,2513000000.0,-15000000.0,2528000000.0,2711000000.0,750000000.0,3461000000.0,,62000000.0,,,,-62000000.0,-204000000.0,133000000.0,109000000.0,38000000.0,3543000000.0,9915000000.0,,,,,13458000000.0,4447000000.0,17905000000.0,17905000000.0,-183000000.0,1139000000.0,8875000000.0,7983000000.0,892000000.0,,,,,,,,
SYDB.CO,Sydbank A/S,2025-03-31,Financial Services,Banks - Regional,,0.0,0.249127,,,,642000000.0,30000000.0,,,,925000000.0,329000000.0,1254000000.0,642000000.0,642000000.0,,,53288904.0,53288904.0,12.3,12.3,632000000.0,632000000.0,10000000.0,642000000.0,-3000000.0,645000000.0,645000000.0,214000000.0,859000000.0,,,,,,,,,,,,896000000.0,0.0,34000000.0,,34000000.0,,,1783000000.0,1783000000.0,,,337000000.0,27000000.0,310000000.0,,,,124000000.0,,,21000000.0,
SYDB.CO,Sydbank A/S,2024-12-31,Financial Services,Banks - Regional,0.20853788855028044,0.0,0.242,,,,2762000000.0,111000000.0,,,,4308000000.0,2394000000.0,6702000000.0,2762000000.0,2762000000.0,,,51425137.0,51425137.0,50.9,50.9,2762000000.0,2762000000.0,9750000.0,2762000000.0,-3000000.0,2762000000.0,2762000000.0,883000000.0,3645000000.0,,,,,,,,,,,,3360000000.0,241000000.0,145000000.0,,145000000.0,,,7548000000.0,7548000000.0,,,1145000000.0,120000000.0,1025000000.0,,,,445000000.0,,,116000000.0,
SYDB.CO,Sydbank A/S,2024-09-30,Financial Services,Banks - Regional,0.1515151127691614,0.0,0.257,,,,767000000.0,28000000.0,,,,1087000000.0,670000000.0,1757000000.0,767000000.0,767000000.0,,,52900000.0,52900000.0,14.3,14.3,757000000.0,757000000.0,10000000.0,767000000.0,-5000000.0,772000000.0,772000000.0,267000000.0,1039000000.0,,,,,,,,,,,,805000000.0,8000000.0,28000000.0,,28000000.0,,,1899000000.0,1899000000.0,,,293000000.0,26000000.0,267000000.0,,,,202000000.0,,,23000000.0,
SYDB.CO,Sydbank A/S,2024-06-30,Financial Services,Banks - Regional,-0.09539291311993836,0.0,0.250491,,,,762000000.0,29000000.0,,,,1109000000.0,-133000000.0,976000000.0,762000000.0,762000000.0,,,54782533.28571428,54782533.28571428,29.571428571428573,29.571428571428573,753000000.0,753000000.0,9000000.0,762000000.0,-1000000.0,763000000.0,763000000.0,255000000.0,1018000000.0,,,,,,,,,,,,840000000.0,116000000.0,29000000.0,,29000000.0,,,1865000000.0,1865000000.0,,,295000000.0,27000000.0,268000000.0,,,,-5000000.0,,,25000000.0,
SYDB.CO,Sydbank A/S,2024-03-31,Financial Services,Banks - Regional,0.03139016961080077,0.0,0.243409,,,,858000000.0,29000000.0,,,,1092000000.0,407000000.0,1499000000.0,858000000.0,858000000.0,,,54544332.0,54544332.0,15.5,15.5,848000000.0,848000000.0,10000000.0,858000000.0,-3000000.0,861000000.0,861000000.0,277000000.0,1138000000.0,,,,,,,,,,,,843000000.0,8000000.0,29000000.0,,29000000.0,,,1963000000.0,1963000000.0,,,305000000.0,27000000.0,278000000.0,,,,160000000.0,,,25000000.0,
SYDB.CO,Sydbank A/S,2023-12-31,Financial Services,Banks - Regional,0.319734766846516,0.0,0.219341,,,,3342000000.0,101000000.0,,,,4467000000.0,1502000000.0,5969000000.0,3342000000.0,3342000000.0,,,54582651.0,54582651.0,58.8,58.8,3342000000.0,3342000000.0,9750000.0,3342000000.0,-3000000.0,3342000000.0,3342000000.0,939000000.0,4281000000.0,,,,,,,,,,,,3186000000.0,224000000.0,139000000.0,,139000000.0,,,7433000000.0,7433000000.0,,,1049000000.0,101000000.0,948000000.0,,,,566000000.0,,,112000000.0,
SYDB.CO,Sydbank A/S,2022-12-31,Financial Services,Banks - Regional,0.11204980248083896,0.0,0.21,,,,1901000000.0,115000000.0,,,,2599000000.0,433000000.0,3032000000.0,1901000000.0,1901000000.0,,,57549963.0,57549963.0,32.2,32.2,1901000000.0,1901000000.0,9750000.0,1901000000.0,-3000000.0,1901000000.0,1901000000.0,504000000.0,2405000000.0,,,,,,,,,,,,3090000000.0,231000000.0,115000000.0,,115000000.0,,,5391000000.0,5391000000.0,,,1073000000.0,88000000.0,985000000.0,,,,-269000000.0,,,102000000.0,
SYDB.CO,Sydbank A/S,2021-12-31,Financial Services,Banks - Regional,0.17531377799378922,0.0,0.2,,,,1411000000.0,138000000.0,,,,1927000000.0,437000000.0,2364000000.0,1411000000.0,1411000000.0,,,59186746.0,59186746.0,23.0,23.0,1411000000.0,1411000000.0,9750000.0,1411000000.0,-3000000.0,1411000000.0,1411000000.0,353000000.0,1764000000.0,,,,,,,,,,,,3408000000.0,33000000.0,138000000.0,,138000000.0,,,4750000000.0,4750000000.0,,,1296000000.0,93000000.0,1203000000.0,,,,116000000.0,,,95000000.0,
COLO-B.CO,Coloplast B A/S,2025-03-31,Healthcare,Medical Instruments & Supplies,,-32619718.309859,0.38833,2235000000.0,-84000000.0,-84000000.0,912000000.0,344000000.0,2202000000.0,2151000000.0,1807000000.0,-316000000.0,316000000.0,62571428.571428575,963380281.690141,912000000.0,5039000000.0,1891000000.0,225400000.0,225400000.0,4.05,4.05,912000000.0,912000000.0,0.0,912000000.0,,912000000.0,912000000.0,579000000.0,1491000000.0,,-84000000.0,84000000.0,,,8000000.0,-316000000.0,54800000.0,316000000.0,62571428.571428575,1891000000.0,2837000000.0,10000000.0,,,,4728000000.0,2202000000.0,6930000000.0,6930000000.0,,239000000.0,2626000000.0,2326000000.0,300000000.0,,,,,,,,
COLO-B.CO,Coloplast B A/S,2024-12-31,Healthcare,Medical Instruments & Supplies,-0.08013226414676533,-26180000.0,0.22,2420000000.0,-119000000.0,-119000000.0,1044000000.0,328000000.0,2276000000.0,2301000000.0,1973000000.0,-166000000.0,204000000.0,52000000.0,1136820000.0,1044000000.0,5114000000.0,1912000000.0,225300000.0,225300000.0,4.63,4.63,1044000000.0,1044000000.0,0.0,1044000000.0,,1044000000.0,1044000000.0,725000000.0,1769000000.0,,-71000000.0,53000000.0,,,18000000.0,-166000000.0,14000000.0,204000000.0,52000000.0,1912000000.0,2838000000.0,8000000.0,,,,4750000000.0,2276000000.0,7026000000.0,7026000000.0,,219000000.0,2624000000.0,2329000000.0,295000000.0,,,,,,,,
COLO-B.CO,Coloplast B A/S,2024-09-30,Healthcare,Medical Instruments & Supplies,-0.08370368835530972,10920000.0,0.21,8428000000.0,52000000.0,52000000.0,5052000000.0,1290000000.0,8761000000.0,8480000000.0,7190000000.0,-725000000.0,795000000.0,155000000.0,5010920000.0,5052000000.0,19744000000.0,7320000000.0,224900000.0,224900000.0,22.46,22.46,5052000000.0,5052000000.0,0.0,5052000000.0,,5052000000.0,5052000000.0,1343000000.0,6395000000.0,,52000000.0,-18000000.0,,,-34000000.0,-725000000.0,85000000.0,795000000.0,155000000.0,7286000000.0,10983000000.0,76000000.0,,,,18269000000.0,8761000000.0,27030000000.0,27030000000.0,,913000000.0,10069000000.0,8825000000.0,1244000000.0,,,,,,,,
COLO-B.CO,Coloplast B A/S,2024-06-30,Healthcare,Medical Instruments & Supplies,0.05139847614845472,-7879828.32618,0.218884,2232000000.0,-36000000.0,-36000000.0,1274000000.0,328000000.0,2237000000.0,2196000000.0,1868000000.0,-203000000.0,237000000.0,34000000.0,1302120171.67382,1274000000.0,5015000000.0,1834000000.0,224800000.0,224800000.0,5.66,5.66,1274000000.0,1274000000.0,0.0,1274000000.0,,1274000000.0,1274000000.0,357000000.0,1631000000.0,,-36000000.0,36000000.0,,,8000000.0,-203000000.0,54800000.0,237000000.0,34000000.0,1870000000.0,2778000000.0,4000000.0,,,,4648000000.0,2237000000.0,6885000000.0,6885000000.0,,240000000.0,2551000000.0,2251000000.0,300000000.0,,,,,,,,
COLO-B.CO,Coloplast B A/S,2024-03-31,Healthcare,Medical Instruments & Supplies,-0.08424369611395055,-4197261.978843,0.220909,2146000000.0,-19000000.0,-19000000.0,1252000000.0,319000000.0,2109000000.0,2127000000.0,1808000000.0,-165000000.0,201000000.0,36000000.0,1266802738.021157,1252000000.0,4795000000.0,1791000000.0,224700000.0,224700000.0,5.57,5.57,1252000000.0,1252000000.0,0.0,1252000000.0,,1252000000.0,1252000000.0,355000000.0,1607000000.0,,-19000000.0,19000000.0,,,19000000.0,-165000000.0,54800000.0,201000000.0,36000000.0,1791000000.0,2686000000.0,7000000.0,,,,4477000000.0,2109000000.0,6586000000.0,6586000000.0,,221000000.0,2476000000.0,2152000000.0,324000000.0,,,,,,,,
COLO-B.CO,Coloplast B A/S,2023-09-30,Healthcare,Medical Instruments & Supplies,0.054371736498621814,618000.0,0.206,7729000000.0,3000000.0,3000000.0,4783000000.0,1069000000.0,8172000000.0,7732000000.0,6663000000.0,-605000000.0,638000000.0,111000000.0,4780618000.0,4783000000.0,17655000000.0,6771000000.0,215500000.0,215400000.0,22.2,22.21,4783000000.0,4783000000.0,0.0,4783000000.0,,4783000000.0,4783000000.0,1242000000.0,6025000000.0,,-38000000.0,164000000.0,,,-126000000.0,-605000000.0,78000000.0,638000000.0,111000000.0,6845000000.0,9483000000.0,34000000.0,,,,16328000000.0,8172000000.0,24500000000.0,24500000000.0,,872000000.0,8633000000.0,7518000000.0,1115000000.0,,,,,,,,
COLO-B.CO,Coloplast B A/S,2022-09-30,Healthcare,Medical Instruments & Supplies,0.06524578708444628,-148712000.0,0.232,7870000000.0,-641000000.0,-641000000.0,4706000000.0,930000000.0,7050000000.0,7229000000.0,6299000000.0,-199000000.0,172000000.0,39000000.0,5198288000.0,4706000000.0,15669000000.0,6439000000.0,212800000.0,212500000.0,22.11,22.14,4706000000.0,4706000000.0,0.0,4706000000.0,,4706000000.0,4706000000.0,1421000000.0,6127000000.0,,-452000000.0,281000000.0,,,171000000.0,-199000000.0,66000000.0,172000000.0,39000000.0,6910000000.0,8619000000.0,25000000.0,,,,15529000000.0,7050000000.0,22579000000.0,22579000000.0,,866000000.0,7802000000.0,6797000000.0,1005000000.0,,,,,,,,
COLO-B.CO,Coloplast B A/S,2021-09-30,Healthcare,Medical Instruments & Supplies,0.15877849326622928,-38872000.0,0.226,7222000000.0,-172000000.0,-172000000.0,4825000000.0,792000000.0,6113000000.0,7050000000.0,6258000000.0,-45000000.0,25000000.0,11000000.0,4958128000.0,4825000000.0,13071000000.0,6155000000.0,213200000.0,212800000.0,22.63,22.67,4825000000.0,4825000000.0,0.0,4825000000.0,,4825000000.0,4825000000.0,1408000000.0,6233000000.0,,-189000000.0,189000000.0,,,0.0,-45000000.0,31000000.0,25000000.0,11000000.0,6355000000.0,6958000000.0,29000000.0,,,,13313000000.0,6113000000.0,19426000000.0,19426000000.0,,755000000.0,6247000000.0,5485000000.0,762000000.0,,,,,,,,
CBRAIN.CO,cBrain A/S,2024-12-31,Technology,Software - Application,,0.0,0.246372,113579000.0,18000.0,18000.0,64815000.0,24756000.0,114000000.0,113579000.0,88823000.0,-2353000.0,2819000.0,466000.0,64815000.0,64815000.0,179439000.0,88342000.0,19562813.0,19562813.0,3.313174,3.313174,64815000.0,64815000.0,0.0,64815000.0,,64815000.0,64815000.0,21189000.0,86004000.0,,,,,,,-2353000.0,,2819000.0,466000.0,88342000.0,65439000.0,28192000.0,24756000.0,19770000.0,4986000.0,153781000.0,114000000.0,267781000.0,267781000.0,,,36779000.0,17533000.0,19246000.0,,,,,1352000.0,,1352000.0,
CBRAIN.CO,cBrain A/S,2023-12-31,Technology,Software - Application,0.42105275899411865,0.0,0.223419,107069000.0,18000.0,18000.0,63178000.0,21165000.0,94616000.0,107069000.0,85904000.0,-3778000.0,4550000.0,772000.0,63178000.0,63178000.0,153777000.0,85405000.0,19560815.0,19560815.0,3.229825,3.229825,63178000.0,63178000.0,0.0,63178000.0,,63178000.0,63178000.0,18176000.0,81354000.0,,,,,,,-3778000.0,,4550000.0,772000.0,85405000.0,59161000.0,35683000.0,21165000.0,16953000.0,4212000.0,144566000.0,94616000.0,239182000.0,239182000.0,,,34335000.0,16579000.0,17756000.0,,,,,1348000.0,,1348000.0,
CBRAIN.CO,cBrain A/S,2022-12-31,Technology,Software - Application,-0.11230976213665833,0.0,0.212,68613000.0,0.0,0.0,38383000.0,18853000.0,87501000.0,68613000.0,49760000.0,-778000.0,832000.0,54000.0,38383000.0,38383000.0,138545000.0,49379000.0,19560403.0,19560403.0,1.92,1.92,38383000.0,38383000.0,0.0,38383000.0,,38383000.0,38383000.0,10545000.0,48928000.0,,,,,,,-778000.0,,832000.0,54000.0,49379000.0,51044000.0,29135000.0,18853000.0,15024000.0,3829000.0,100423000.0,87501000.0,187924000.0,187924000.0,,,30290666.666666668,17056000.0,18920000.0,,,,,1350000.0,,1350000.0,
CBRAIN.CO,cBrain A/S,2021-12-31,Technology,Software - Application,-0.25354620750447177,7380.0,0.205,58918000.0,36000.0,36000.0,31006000.0,19444000.0,76746000.0,58954000.0,39510000.0,-510000.0,521000.0,11000.0,30977380.0,31006000.0,115948000.0,38714000.0,19730417.0,19730417.0,1.55,1.55,31006000.0,31006000.0,0.0,31006000.0,,31006000.0,31006000.0,7983000.0,38989000.0,,,,,,,-510000.0,,521000.0,11000.0,38714000.0,39202000.0,19758000.0,19444000.0,14079000.0,5365000.0,77916000.0,76746000.0,154662000.0,154662000.0,,,19758000.0,17056000.0,19758000.0,,,,,1350000.0,,1350000.0,
NETC.CO,Netcompany Group A/S,2025-03-31,Technology,Information Technology Services,,-5480246.91358,0.283951,295200000.0,-19300000.0,-19300000.0,121700000.0,78400000.0,1229200000.0,275900000.0,197500000.0,-36400000.0,27400000.0,1100000.0,135519753.08642,121700000.0,1515500000.0,209600000.0,47600000.0,47100000.0,2.56,2.58,121700000.0,121700000.0,0.0,121700000.0,0.0,121700000.0,121700000.0,48300000.0,170100000.0,527500.0,-19300000.0,19300000.0,,,-7519250.0,-36400000.0,10100000.0,27400000.0,1100000.0,228800000.0,286300000.0,195600.0,78400000.0,29000000.0,49400000.0,515100000.0,1229200000.0,1744300000.0,1744300000.0,,,103700000.0,13300000.0,90400000.0,,,,,,,,
NETC.CO,Netcompany Group A/S,2024-12-31,Technology,Information Technology Services,-0.2412978990943031,-2083300.0,0.251,1069700000.0,-8300000.0,-8300000.0,470200000.0,304300000.0,4634400000.0,1061400000.0,757100000.0,-144500000.0,133100000.0,14600000.0,476416700.0,470200000.0,5747000000.0,785500000.0,49100000.0,48600000.0,9.6,9.7,470200000.0,470200000.0,0.0,470200000.0,2700000.0,467500000.0,467500000.0,156500000.0,624000000.0,300000.0,-8300000.0,5600000.0,,,2700000.0,-144500000.0,26000000.0,133100000.0,14600000.0,793600000.0,1112600000.0,100000.0,282000000.0,116300000.0,165700000.0,1906200000.0,4634400000.0,6540600000.0,6540600000.0,,,432600000.0,26100000.0,406500000.0,,,,,,,,
NETC.CO,Netcompany Group A/S,2024-09-30,Technology,Information Technology Services,0.10136456609613931,0.0,0.264,297400000.0,0.0,0.0,139500000.0,77000000.0,1114400000.0,297400000.0,220400000.0,-34000000.0,31500000.0,3300000.0,139500000.0,139500000.0,1384900000.0,228900000.0,48800000.0,48300000.0,2.86,2.89,139500000.0,139500000.0,0.0,139500000.0,400000.0,139100000.0,139100000.0,49900000.0,188900000.0,527500.0,0.0,4323400.0,,,-7519250.0,-34000000.0,5800000.0,31500000.0,3300000.0,229000000.0,270500000.0,400000.0,71300000.0,29800000.0,41500000.0,499500000.0,1114400000.0,1613900000.0,1613900000.0,,,107800000.0,12900000.0,94900000.0,,,,,,,,
NETC.CO,Netcompany Group A/S,2024-06-30,Technology,Information Technology Services,0.025435095093716997,1122100.0,0.229,260800000.0,4900000.0,4900000.0,120000000.0,76300000.0,1170100000.0,265700000.0,189400000.0,-39000000.0,35300000.0,1800000.0,116222100.0,120000000.0,1457400000.0,192800000.0,49100000.0,48600000.0,2.43,2.46,120000000.0,120000000.0,0.0,120000000.0,700000.0,118800000.0,118800000.0,35300000.0,154100000.0,527500.0,0.0,4323400.0,,,-7519250.0,-39000000.0,5500000.0,35300000.0,1800000.0,192800000.0,287300000.0,195600.0,70700000.0,29100000.0,41600000.0,480100000.0,1170100000.0,1650200000.0,1650200000.0,,,117800000.0,12100000.0,105700000.0,,,,,,,,
NETC.CO,Netcompany Group A/S,2024-03-31,Technology,Information Technology Services,0.08771929824561409,-207200.0,0.296,242400000.0,-700000.0,-700000.0,93400000.0,76200000.0,1160000000.0,241700000.0,165500000.0,-37600000.0,34100000.0,1700000.0,93892800.0,93400000.0,1427100000.0,170300000.0,49900000.0,49500000.0,1.87,1.89,93400000.0,93400000.0,0.0,93400000.0,900000.0,92500000.0,92500000.0,38900000.0,131400000.0,527500.0,-700000.0,700000.0,,,-7519250.0,-37600000.0,5200000.0,34100000.0,1700000.0,171000000.0,267100000.0,-200000.0,70600000.0,28500000.0,42100000.0,438100000.0,1160000000.0,1598100000.0,1598100000.0,,,103200000.0,11900000.0,91300000.0,,,,,,,,
NETC.CO,Netcompany Group A/S,2023-12-31,Technology,Information Technology Services,0.2407488192706353,-148500.0,0.297,869300000.0,-500000.0,-500000.0,303500000.0,322700000.0,4375400000.0,868800000.0,546100000.0,-129100000.0,113800000.0,3400000.0,303851500.0,303500000.0,5500200000.0,578000000.0,49800000.0,49500000.0,6.09,6.13,303500000.0,303500000.0,0.0,303500000.0,-500000.0,304000000.0,304000000.0,128200000.0,432300000.0,300000.0,-500000.0,4323400.0,,,500000.0,-129100000.0,18700000.0,113800000.0,3400000.0,578200000.0,1124800000.0,300000.0,304400000.0,134200000.0,170200000.0,1703000000.0,4375400000.0,6078400000.0,6078400000.0,,,456600000.0,30700000.0,425900000.0,,,,,,,,
NETC.CO,Netcompany Group A/S,2022-12-31,Technology,Information Technology Services,-0.15295721751065783,-588700.0,0.203,1081000000.0,-2900000.0,-2900000.0,603400000.0,272700000.0,3772200000.0,1078100000.0,805400000.0,-62500000.0,48900000.0,3000000.0,605711300.0,603400000.0,4710600000.0,839400000.0,49700000.0,49200000.0,12.15,12.26,603400000.0,603400000.0,0.0,603400000.0,600000.0,602800000.0,602800000.0,153800000.0,756500000.0,300000.0,-2900000.0,-5000000.0,,,7900000.0,-62500000.0,16600000.0,48900000.0,3000000.0,834100000.0,938400000.0,195600.0,248600000.0,134100000.0,114500000.0,1772500000.0,3772200000.0,5544600000.0,5544600000.0,,,399200000.0,29800000.0,369400000.0,,,,,,,,
NETC.CO,Netcompany Group A/S,2021-12-31,Technology,Information Technology Services,-0.36607522199642917,8473760.0,0.211,845272000.0,40160000.0,40160000.0,576142000.0,139201000.0,2298687000.0,885432000.0,746231000.0,-30523000.0,18613000.0,220000.0,544455760.0,576142000.0,2890603000.0,703833000.0,49686000.0,49094000.0,11.59,11.73,576142000.0,576142000.0,0.0,576142000.0,1840000.0,574302000.0,574302000.0,153316000.0,727618000.0,1210000.0,40160000.0,1017000.0,,,-41177000.0,-30523000.0,12130000.0,18613000.0,220000.0,741368000.0,591916000.0,378000.0,109988000.0,51424000.0,58564000.0,1333284000.0,2298687000.0,3631971000.0,3631971000.0,,,263076000.0,25231000.0,237845000.0,,,,,,,,
AMZN,"Amazon.com, Inc.",2025-06-30,Consumer Cyclical,Internet Retail,,143677518.339167,0.128398,35481000000.0,1119000000.0,1119000000.0,18164000000.0,15227000000.0,80809000000.0,36600000000.0,21373000000.0,569000000.0,516000000.0,1085000000.0,17188677518.33917,18164000000.0,148531000000.0,19171000000.0,10806000000.0,10637000000.0,1.68,1.71,18164000000.0,18164000000.0,,18164000000.0,,18164000000.0,18164000000.0,2678000000.0,20857000000.0,-2000000.0,,,,,,569000000.0,,516000000.0,1085000000.0,19171000000.0,67722000000.0,53341000000.0,,,,86893000000.0,80809000000.0,167702000000.0,167702000000.0,,,14381000000.0,11416000000.0,2965000000.0,2965000000.0,1117000000.0,,1119000000.0,,,,-15000000.0
AMZN,"Amazon.com, Inc.",2025-03-31,Consumer Cyclical,Internet Retail,0.15310630570719308,584272614.050464,0.210019,33700000000.0,2782000000.0,2782000000.0,17127000000.0,14262000000.0,76976000000.0,36482000000.0,22220000000.0,525000000.0,541000000.0,1066000000.0,14929272614.050465,17127000000.0,137262000000.0,18405000000.0,10793000000.0,10603000000.0,1.59,1.62,17127000000.0,17127000000.0,,17127000000.0,,17127000000.0,17127000000.0,4553000000.0,21679000000.0,-33000000.0,,,,,,525000000.0,,541000000.0,1066000000.0,18405000000.0,60286000000.0,47895000000.0,,,,78691000000.0,76976000000.0,155667000000.0,155667000000.0,,,12391000000.0,9763000000.0,2628000000.0,2628000000.0,2749000000.0,,2782000000.0,,,,1000000.0
AMZN,"Amazon.com, Inc.",2024-12-31,Consumer Cyclical,Internet Retail,-0.12407129448211052,-246971244.935436,0.135031,125644000000.0,-1829000000.0,-1829000000.0,59248000000.0,52795000000.0,326288000000.0,123815000000.0,71020000000.0,2271000000.0,2406000000.0,4677000000.0,60830028755.06457,59248000000.0,569366000000.0,68593000000.0,10721000000.0,10473000000.0,5.53,5.66,59248000000.0,59248000000.0,,59248000000.0,,59248000000.0,59248000000.0,9265000000.0,68614000000.0,-421000000.0,,,,,,2271000000.0,,2406000000.0,4677000000.0,68593000000.0,243078000000.0,187812000000.0,,,,311671000000.0,326288000000.0,637959000000.0,637959000000.0,,,55266000000.0,43907000000.0,11359000000.0,11359000000.0,-2250000000.0,,-1829000000.0,,,,-101000000.0
AMZN,"Amazon.com, Inc.",2024-09-30,Consumer Cyclical,Internet Retail,0.18767778069583452,-2700449.076897,0.150025,32100000000.0,-18000000.0,-18000000.0,15328000000.0,13442000000.0,80977000000.0,32082000000.0,18640000000.0,653000000.0,603000000.0,1256000000.0,15343299550.923103,15328000000.0,141466000000.0,17411000000.0,10735000000.0,10501000000.0,1.43,1.46,15328000000.0,15328000000.0,,15328000000.0,,15328000000.0,15328000000.0,2706000000.0,18037000000.0,-9000000.0,,,,,,653000000.0,,603000000.0,1256000000.0,17411000000.0,60489000000.0,47167000000.0,,,,77900000000.0,80977000000.0,158877000000.0,158877000000.0,,,13322000000.0,10609000000.0,2713000000.0,2713000000.0,-27000000.0,,-18000000.0,,,,-3000000.0
AMZN,"Amazon.com, Inc.",2024-06-30,Consumer Cyclical,Internet Retail,-0.027322115287435333,4636274.188258,0.115907,27832000000.0,40000000.0,40000000.0,13485000000.0,12038000000.0,73785000000.0,27872000000.0,15834000000.0,591000000.0,589000000.0,1180000000.0,13449636274.188257,13485000000.0,133305000000.0,14672000000.0,10708000000.0,10447000000.0,1.26,1.29,13485000000.0,13485000000.0,,13485000000.0,,13485000000.0,13485000000.0,1767000000.0,15245000000.0,-58000000.0,,,,,,591000000.0,,589000000.0,1180000000.0,14672000000.0,59520000000.0,45967000000.0,,,,74192000000.0,73785000000.0,147977000000.0,147977000000.0,,,13553000000.0,10512000000.0,3041000000.0,3041000000.0,-18000000.0,,40000000.0,,,,7000000.0
AMZN,"Amazon.com, Inc.",2023-12-31,Consumer Cyclical,Internet Retail,0.17603337554089205,211380035.679101,0.189579,88287000000.0,1115000000.0,1115000000.0,30425000000.0,48663000000.0,304739000000.0,89402000000.0,40739000000.0,-233000000.0,3182000000.0,2949000000.0,29521380035.6791,30425000000.0,537933000000.0,36852000000.0,10492000000.0,10304000000.0,2.9,2.95,30425000000.0,30425000000.0,,30425000000.0,,30425000000.0,30425000000.0,7120000000.0,37557000000.0,-177000000.0,,,,,,-233000000.0,,3182000000.0,2949000000.0,36852000000.0,233194000000.0,177008000000.0,,,,270046000000.0,304739000000.0,574785000000.0,574785000000.0,,,56186000000.0,44370000000.0,11816000000.0,11816000000.0,938000000.0,,1115000000.0,,,,-12000000.0
AMZN,"Amazon.com, Inc.",2022-12-31,Consumer Cyclical,Internet Retail,0.2296428680419922,-3415860000.0,0.21,54618000000.0,-16266000000.0,-16266000000.0,-2722000000.0,41921000000.0,288831000000.0,38352000000.0,-3569000000.0,-1378000000.0,2367000000.0,989000000.0,10128140000.0,-2722000000.0,501735000000.0,12248000000.0,10189000000.0,10189000000.0,-0.27,-0.27,-2722000000.0,-2722000000.0,,-2722000000.0,,-2722000000.0,-2722000000.0,-3217000000.0,-5936000000.0,-540000000.0,,,,,,-1378000000.0,,2367000000.0,989000000.0,12248000000.0,212904000000.0,158775000000.0,,,,225152000000.0,288831000000.0,513983000000.0,513983000000.0,,,54129000000.0,42238000000.0,11891000000.0,11891000000.0,-16806000000.0,,-16266000000.0,,,,-3000000.0
AMZN,"Amazon.com, Inc.",2021-12-31,Consumer Cyclical,Internet Retail,-0.018936267871991208,1839997169.143666,0.12558,59741000000.0,14652000000.0,14652000000.0,33364000000.0,34433000000.0,272344000000.0,74393000000.0,39960000000.0,-1361000000.0,1809000000.0,448000000.0,20551997169.143665,33364000000.0,444943000000.0,24879000000.0,10300000000.0,10120000000.0,3.2405,3.298,33364000000.0,33364000000.0,,33364000000.0,,33364000000.0,33364000000.0,4791000000.0,38151000000.0,-19000000.0,,,,,,-1361000000.0,,1809000000.0,448000000.0,24879000000.0,172599000000.0,131225000000.0,,,,197478000000.0,272344000000.0,469822000000.0,469822000000.0,,,41374000000.0,32551000000.0,8823000000.0,8823000000.0,14633000000.0,,14652000000.0,,,,4000000.0
MSFT,Microsoft Corporation,2025-06-30,Technology,Software - Infrastructure,,-77217840.76294,0.176296,160603000000.0,-438000000.0,-438000000.0,101832000000.0,34153000000.0,87831000000.0,160165000000.0,126012000000.0,262000000.0,2385000000.0,2647000000.0,102192782159.23706,101832000000.0,153196000000.0,128528000000.0,7465000000.0,7433000000.0,13.64,13.7,101832000000.0,101832000000.0,,101832000000.0,,101832000000.0,101832000000.0,21795000000.0,123627000000.0,-4725000000.0,-943000000.0,,943000000.0,,,262000000.0,,2385000000.0,2647000000.0,128528000000.0,65365000000.0,,,,,193893000000.0,87831000000.0,281724000000.0,281724000000.0,,32488000000.0,32877000000.0,25654000000.0,7223000000.0,7223000000.0,-5163000000.0,,505000000.0,,,,
MSFT,Microsoft Corporation,2025-03-31,Technology,Software - Infrastructure,0.32748116403337635,69660000.0,0.18,40324000000.0,387000000.0,387000000.0,25824000000.0,8740000000.0,21919000000.0,40711000000.0,31971000000.0,3000000.0,594000000.0,597000000.0,25506660000.0,25824000000.0,38066000000.0,32000000000.0,7461000000.0,7434000000.0,3.46,3.47,25824000000.0,25824000000.0,,25824000000.0,,25824000000.0,25824000000.0,5553000000.0,31377000000.0,-1013000000.0,-24000000.0,,24000000.0,,,3000000.0,,594000000.0,597000000.0,32000000000.0,16147000000.0,,,,,48147000000.0,21919000000.0,70066000000.0,70066000000.0,,8198000000.0,7949000000.0,6212000000.0,1737000000.0,1737000000.0,-626000000.0,,411000000.0,,,,
MSFT,Microsoft Corporation,2024-12-31,Technology,Software - Infrastructure,-0.09144400091461369,-203220000.0,0.18,37915000000.0,-1129000000.0,-1129000000.0,24108000000.0,6827000000.0,21799000000.0,36786000000.0,29959000000.0,6000000.0,594000000.0,600000000.0,25033780000.0,24108000000.0,37979000000.0,31653000000.0,7468000000.0,7435000000.0,3.23,3.24,24108000000.0,24108000000.0,,24108000000.0,,24108000000.0,24108000000.0,5257000000.0,29365000000.0,-1165000000.0,-867000000.0,,867000000.0,,,6000000.0,,594000000.0,600000000.0,31653000000.0,16180000000.0,,,,,47833000000.0,21799000000.0,69632000000.0,69632000000.0,,7917000000.0,8263000000.0,6440000000.0,1823000000.0,1823000000.0,-2294000000.0,,-262000000.0,,,,
MSFT,Microsoft Corporation,2024-09-30,Technology,Software - Infrastructure,-0.010735833507870773,57190000.0,0.19,37933000000.0,301000000.0,301000000.0,24667000000.0,7383000000.0,20099000000.0,38234000000.0,30851000000.0,99000000.0,582000000.0,681000000.0,24423190000.0,24667000000.0,35033000000.0,30552000000.0,7470000000.0,7433000000.0,3.3,3.32,24667000000.0,24667000000.0,,24667000000.0,,24667000000.0,24667000000.0,5602000000.0,30269000000.0,-683000000.0,-7000000.0,,7000000.0,,,99000000.0,,582000000.0,681000000.0,30552000000.0,14934000000.0,,,,,45486000000.0,20099000000.0,65585000000.0,65585000000.0,,7544000000.0,7390000000.0,5717000000.0,1673000000.0,1673000000.0,-382000000.0,,308000000.0,,,,
MSFT,Microsoft Corporation,2024-06-30,Technology,Software - Infrastructure,-0.04062762483913829,-100089983.022071,0.182313,133558000000.0,-549000000.0,-549000000.0,88136000000.0,22287000000.0,74114000000.0,133009000000.0,110722000000.0,222000000.0,2935000000.0,3157000000.0,88584910016.97794,88136000000.0,135689000000.0,109433000000.0,7469000000.0,7431000000.0,11.8,11.86,88136000000.0,88136000000.0,,88136000000.0,,88136000000.0,88136000000.0,19651000000.0,107787000000.0,-1319000000.0,-206000000.0,,206000000.0,,,222000000.0,,2935000000.0,3157000000.0,109433000000.0,61575000000.0,,,,,171008000000.0,74114000000.0,245122000000.0,245122000000.0,,29510000000.0,32065000000.0,24456000000.0,7609000000.0,7609000000.0,-1868000000.0,,-343000000.0,,,,
MSFT,Microsoft Corporation,2023-06-30,Technology,Software - Infrastructure,-0.07083292568999422,-2850000.0,0.19,105155000000.0,-15000000.0,-15000000.0,72361000000.0,13861000000.0,65863000000.0,105140000000.0,91279000000.0,1026000000.0,1968000000.0,2994000000.0,72373150000.0,72361000000.0,123392000000.0,88523000000.0,7472000000.0,7446000000.0,9.68,9.72,72361000000.0,72361000000.0,,72361000000.0,,72361000000.0,72361000000.0,16950000000.0,89311000000.0,-223000000.0,-30000000.0,,30000000.0,,,1026000000.0,,1968000000.0,2994000000.0,88523000000.0,57529000000.0,,,,,146052000000.0,65863000000.0,211915000000.0,211915000000.0,,27195000000.0,30334000000.0,22759000000.0,7575000000.0,7575000000.0,-238000000.0,,15000000.0,,,,
MSFT,Microsoft Corporation,2022-06-30,Technology,Software - Infrastructure,-0.07330087565076804,43754000.0,0.131,99905000000.0,334000000.0,334000000.0,72738000000.0,14460000000.0,62650000000.0,100239000000.0,85779000000.0,31000000.0,2063000000.0,2094000000.0,72447754000.0,72738000000.0,114887000000.0,83383000000.0,7540000000.0,7496000000.0,9.65,9.7,72738000000.0,72738000000.0,,72738000000.0,,72738000000.0,72738000000.0,10978000000.0,83716000000.0,-32000000.0,-101000000.0,,101000000.0,,,31000000.0,,2063000000.0,2094000000.0,83383000000.0,52237000000.0,,,,,135620000000.0,62650000000.0,198270000000.0,198270000000.0,,24512000000.0,27725000000.0,21825000000.0,5900000000.0,5900000000.0,302000000.0,,435000000.0,,,,
GOOGL,Alphabet Inc.,2025-06-30,Communication Services,Internet Content & Information,,304369000.0,0.169,37391000000.0,1801000000.0,1801000000.0,28196000000.0,4998000000.0,39039000000.0,39192000000.0,34194000000.0,789000000.0,261000000.0,1050000000.0,26699369000.0,28196000000.0,65157000000.0,31271000000.0,12198000000.0,12122000000.0,2.31,2.33,28196000000.0,28196000000.0,,28196000000.0,,28196000000.0,28196000000.0,5737000000.0,33933000000.0,72000000.0,419000000.0,,-419000000.0,,,789000000.0,,261000000.0,1050000000.0,31271000000.0,26118000000.0,,,,,57389000000.0,39039000000.0,96428000000.0,96428000000.0,,13808000000.0,12310000000.0,7101000000.0,5209000000.0,5209000000.0,1873000000.0,-130857142.85714285,1382000000.0,,2415000000.0,,
GOOGL,Alphabet Inc.,2025-03-31,Communication Services,Internet Content & Information,0.14099418576908862,1700936000.0,0.173,36478000000.0,9832000000.0,9832000000.0,34540000000.0,4487000000.0,36361000000.0,46310000000.0,41823000000.0,967000000.0,34000000.0,1001000000.0,26408936000.0,34540000000.0,59628000000.0,30606000000.0,12291000000.0,12183000000.0,2.81,2.84,34540000000.0,34540000000.0,,34540000000.0,,34540000000.0,34540000000.0,7249000000.0,41789000000.0,384000000.0,-22000000.0,,22000000.0,,,967000000.0,,34000000.0,1001000000.0,30606000000.0,23267000000.0,,,,,53873000000.0,36361000000.0,90234000000.0,90234000000.0,,13556000000.0,9711000000.0,6172000000.0,3539000000.0,3539000000.0,10216000000.0,-22000000.0,9854000000.0,,2415000000.0,,
GOOGL,Alphabet Inc.,2024-12-31,Communication Services,Internet Content & Information,-0.16930329875198669,340136000.0,0.164,133320000000.0,2074000000.0,2074000000.0,100118000000.0,15311000000.0,146306000000.0,135394000000.0,120083000000.0,4214000000.0,268000000.0,4482000000.0,98384136000.0,100118000000.0,237628000000.0,112390000000.0,12447000000.0,12319000000.0,8.04,8.13,100118000000.0,100118000000.0,,100118000000.0,,100118000000.0,100118000000.0,19697000000.0,119815000000.0,1137000000.0,-188000000.0,,188000000.0,,,4214000000.0,,268000000.0,4482000000.0,112390000000.0,91322000000.0,,,,,203712000000.0,146306000000.0,350018000000.0,350018000000.0,,49326000000.0,41996000000.0,27808000000.0,14188000000.0,14188000000.0,3211000000.0,-188000000.0,2262000000.0,,2415000000.0,,
GOOGL,Alphabet Inc.,2024-09-30,Communication Services,Internet Content & Information,0.15441161942709059,322490000.0,0.17,33848000000.0,1897000000.0,1897000000.0,26301000000.0,3985000000.0,36474000000.0,35745000000.0,31760000000.0,1189000000.0,54000000.0,1243000000.0,24726490000.0,26301000000.0,59747000000.0,28521000000.0,12419000000.0,12290000000.0,2.12,2.14,26301000000.0,26301000000.0,,26301000000.0,,26301000000.0,26301000000.0,5405000000.0,31706000000.0,99000000.0,-107000000.0,,107000000.0,,,1189000000.0,,54000000.0,1243000000.0,28521000000.0,23273000000.0,,,,,51794000000.0,36474000000.0,88268000000.0,88268000000.0,,12447000000.0,10826000000.0,7227000000.0,3599000000.0,3599000000.0,1996000000.0,-107000000.0,2004000000.0,,2415000000.0,,
GOOGL,Alphabet Inc.,2024-06-30,Communication Services,Internet Content & Information,-0.09872325667822823,-166595000.0,0.143,32491000000.0,-1165000000.0,-1165000000.0,23619000000.0,3708000000.0,35507000000.0,31326000000.0,27618000000.0,1023000000.0,67000000.0,1090000000.0,24617405000.0,23619000000.0,57317000000.0,27425000000.0,12495000000.0,12343000000.0,1.89,1.91,23619000000.0,23619000000.0,,23619000000.0,,23619000000.0,23619000000.0,3932000000.0,27551000000.0,268000000.0,32000000.0,,-32000000.0,,,1023000000.0,,67000000.0,1090000000.0,27425000000.0,21810000000.0,,,,,49235000000.0,35507000000.0,84742000000.0,84742000000.0,,11860000000.0,9950000000.0,6792000000.0,3158000000.0,3158000000.0,-897000000.0,32000000.0,-1197000000.0,,2415000000.0,,
GOOGL,Alphabet Inc.,2023-12-31,Communication Services,Internet Content & Information,0.07630325138952365,-373771000.0,0.139,100660000000.0,-2689000000.0,-2689000000.0,73795000000.0,11946000000.0,133332000000.0,97971000000.0,86025000000.0,3557000000.0,308000000.0,3865000000.0,76110229000.0,73795000000.0,223101000000.0,84293000000.0,12722000000.0,12630000000.0,5.8,5.84,73795000000.0,73795000000.0,,73795000000.0,,73795000000.0,73795000000.0,11922000000.0,85717000000.0,556000000.0,-628000000.0,,628000000.0,,,3557000000.0,,308000000.0,3865000000.0,84293000000.0,89769000000.0,,,,,174062000000.0,133332000000.0,307394000000.0,307394000000.0,,45427000000.0,44342000000.0,27917000000.0,16425000000.0,16425000000.0,-2133000000.0,-628000000.0,-2061000000.0,,2415000000.0,,
GOOGL,Alphabet Inc.,2022-12-31,Communication Services,Internet Content & Information,0.1756772626601273,-1035090000.0,0.159,91670000000.0,-6510000000.0,-6510000000.0,59972000000.0,13475000000.0,126203000000.0,85160000000.0,71685000000.0,1817000000.0,357000000.0,2174000000.0,65446910000.0,59972000000.0,207994000000.0,74842000000.0,13159000000.0,13063000000.0,4.56,4.59,59972000000.0,59972000000.0,,59972000000.0,,59972000000.0,59972000000.0,11356000000.0,71328000000.0,1179000000.0,-337000000.0,,337000000.0,,,1817000000.0,,357000000.0,2174000000.0,74842000000.0,81791000000.0,,,,,156633000000.0,126203000000.0,282836000000.0,282836000000.0,,39500000000.0,42291000000.0,26567000000.0,15724000000.0,15724000000.0,-5331000000.0,-337000000.0,-6173000000.0,,2415000000.0,,
GOOGL,Alphabet Inc.,2021-12-31,Communication Services,Internet Content & Information,-0.03245740867201019,2002968000.0,0.162,91157000000.0,12364000000.0,12364000000.0,76033000000.0,12441000000.0,110939000000.0,103521000000.0,91080000000.0,1153000000.0,346000000.0,1499000000.0,65671968000.0,76033000000.0,178923000000.0,78714000000.0,13553480000.0,13353000000.0,5.61,5.694,76033000000.0,76033000000.0,,76033000000.0,,76033000000.0,76033000000.0,14701000000.0,90734000000.0,-1497000000.0,334000000.0,,-334000000.0,,,1153000000.0,,346000000.0,1499000000.0,78714000000.0,67984000000.0,,,,,146698000000.0,110939000000.0,257637000000.0,257637000000.0,,31562000000.0,36422000000.0,22912000000.0,13510000000.0,13510000000.0,10867000000.0,334000000.0,12030000000.0,,2415000000.0,,
RDDT,"Reddit, Inc.",2025-06-30,Communication Services,Internet Content & Information,,0.0,0.21,71645000.0,,,89297000.0,3934000.0,45900000.0,71645000.0,67711000.0,,,,89297000.0,89297000.0,431916000.0,67711000.0,175863382.0,165262379.5,-0.775,-0.7675,89297000.0,89297000.0,,89297000.0,,89297000.0,89297000.0,-439000.0,88858000.0,21147000.0,,,,,,,,,,67711000.0,386016000.0,,,,,453727000.0,45900000.0,499627000.0,464785000.0,,196610000.0,189406000.0,120619000.0,68787000.0,68787000.0,21147000.0,,,,,,
RDDT,"Reddit, Inc.",2025-03-31,Communication Services,Internet Content & Information,0.4353670651479735,0.0,0.4,7866000.0,,,26158000.0,3963000.0,37089000.0,7866000.0,3903000.0,,,,26158000.0,26158000.0,388458000.0,3903000.0,201275223.0,182024207.0,0.13,0.14,26158000.0,26158000.0,,26158000.0,,26158000.0,26158000.0,-1721000.0,24437000.0,20534000.0,,,,,,,,,,3903000.0,351369000.0,,,,,355272000.0,37089000.0,392361000.0,358630000.0,,191271000.0,160098000.0,90685000.0,69413000.0,69413000.0,20534000.0,,,,,,
RDDT,"Reddit, Inc.",2024-12-31,Communication Services,Internet Content & Information,-0.3266642106713681,0.0,0.001,-544925000.0,,,-484276000.0,15643000.0,123595000.0,-544925000.0,-560568000.0,,,,-484276000.0,-484276000.0,1860773000.0,-560568000.0,145472389.0,145472389.0,-3.33,-3.33,-484276000.0,-484276000.0,,-484276000.0,,-484276000.0,-484276000.0,-931000.0,-485207000.0,75361000.0,,,,,,,,,,-560568000.0,1737178000.0,,,,,1176610000.0,123595000.0,1300205000.0,1185456000.0,,935152000.0,802026000.0,350579000.0,451447000.0,451447000.0,75361000.0,,,,,,
RDDT,"Reddit, Inc.",2024-09-30,Communication Services,Internet Content & Information,1.5110740803581741,0.0,0.21,10823000.0,,,29853000.0,3969000.0,34633000.0,10823000.0,6854000.0,,,,29853000.0,29853000.0,341497000.0,6854000.0,192322916.0,169169922.0,0.16,0.18,29853000.0,29853000.0,,29853000.0,,29853000.0,29853000.0,-31000.0,29822000.0,22968000.0,,,,,,,,,,6854000.0,306864000.0,,,,,313718000.0,34633000.0,348351000.0,315104000.0,,166701000.0,140163000.0,74510000.0,65653000.0,65653000.0,22968000.0,,,,,,
RDDT,"Reddit, Inc.",2024-06-30,Communication Services,Internet Content & Information,0.0499296051319591,0.0,0.02094,-27269000.0,,,-10099000.0,3770000.0,29501000.0,-27269000.0,-31039000.0,,,,-10099000.0,-10099000.0,312223000.0,-31039000.0,164383000.0,164383000.0,-0.06,-0.06,-10099000.0,-10099000.0,,-10099000.0,,-10099000.0,-10099000.0,-216000.0,-10315000.0,20724000.0,,,,,,,,,,-31039000.0,282722000.0,,,,,251683000.0,29501000.0,281184000.0,253125000.0,,142777000.0,139945000.0,71458000.0,68487000.0,68487000.0,20724000.0,,,,,,
